@book {brunella_book,
    AUTHOR = {Brunella, Marco},
     TITLE = {Birational geometry of foliations},
    SERIES = {IMPA Monographs},
    VOLUME = {1},
 PUBLISHER = {Springer, Cham},
      YEAR = {2015},
     PAGES = {xiv+130},
}
@book {friedman_book,
    AUTHOR = {Friedman, Robert},
     TITLE = {Algebraic surfaces and holomorphic vector bundles},
    SERIES = {Universitext},
 PUBLISHER = {Springer-Verlag, New York},
      YEAR = {1998},
     PAGES = {x+328},
}
@book {voisin_book,
    AUTHOR = {Voisin, Claire},
     TITLE = {Hodge theory and complex algebraic geometry. {I}},
    SERIES = {Cambridge Studies in Advanced Mathematics},
    VOLUME = {76},
   EDITION = {English},
      NOTE = {Translated from the French by Leila Schneps},
 PUBLISHER = {Cambridge University Press, Cambridge},
      YEAR = {2007},
     PAGES = {x+322},
}
@article {camacho_sad_82,
    AUTHOR = {Camacho, C\'{e}sar and Sad, Paulo},
     TITLE = {Invariant varieties through singularities of holomorphic
              vector fields},
   JOURNAL = {Ann. of Math. (2)},
  FJOURNAL = {Annals of Mathematics. Second Series},
    VOLUME = {115},
      YEAR = {1982},
    NUMBER = {3},
     PAGES = {579--595},
}
@article {camacho_88,
    AUTHOR = {Camacho, C\'{e}sar},
     TITLE = {Quadratic forms and holomorphic foliations on singular
              surfaces},
   JOURNAL = {Math. Ann.},
  FJOURNAL = {Mathematische Annalen},
    VOLUME = {282},
      YEAR = {1988},
    NUMBER = {2},
     PAGES = {177--184},
}
@article {seidenberg_68,
    AUTHOR = {Seidenberg, A.},
     TITLE = {Reduction of singularities of the differential equation
              {$A\,dy=B\,dx$}},
   JOURNAL = {Amer. J. Math.},
  FJOURNAL = {American Journal of Mathematics},
    VOLUME = {90},
      YEAR = {1968},
     PAGES = {248--269},
}
@article {mcquillan_98,
    AUTHOR = {McQuillan, Michael},
     TITLE = {Diophantine approximations and foliations},
   JOURNAL = {Inst. Hautes \'{E}tudes Sci. Publ. Math.},
  FJOURNAL = {Institut des Hautes \'{E}tudes Scientifiques. Publications
              Math\'{e}matiques},
    NUMBER = {87},
      YEAR = {1998},
     PAGES = {121--174},
}
@book {milnor_book,
    AUTHOR = {Milnor, John W. and Stasheff, James D.},
     TITLE = {Characteristic classes},
    SERIES = {Annals of Mathematics Studies},
    VOLUME = {No. 76},
 PUBLISHER = {Princeton University Press, Princeton, NJ; University of Tokyo
              Press, Tokyo},
      YEAR = {1974},
     PAGES = {vii+331},
}
@article {mattei_80,
    AUTHOR = {Mattei, J.-F. and Moussu, R.},
     TITLE = {Holonomie et int\'{e}grales premi\`eres},
   JOURNAL = {Ann. Sci. \'{E}cole Norm. Sup. (4)},
  FJOURNAL = {Annales Scientifiques de l'\'{E}cole Normale Sup\'{e}rieure.
              Quatri\`eme S\'{e}rie},
    VOLUME = {13},
      YEAR = {1980},
    NUMBER = {4},
     PAGES = {469--523},
}
@article {martinet_82,
    AUTHOR = {Martinet, Jean and Ramis, Jean-Pierre},
     TITLE = {Probl\`emes de modules pour des \'{e}quations
              diff\'{e}rentielles non lin\'{e}aires du premier ordre},
   JOURNAL = {Inst. Hautes \'{E}tudes Sci. Publ. Math.},
  FJOURNAL = {Institut des Hautes \'{E}tudes Scientifiques. Publications
              Math\'{e}matiques},
    NUMBER = {55},
      YEAR = {1982},
     PAGES = {63--164},
}
@incollection {griffiths_80,
    AUTHOR = {Green, Mark and Griffiths, Phillip},
     TITLE = {Two applications of algebraic geometry to entire holomorphic
              mappings},
 BOOKTITLE = {The {C}hern {S}ymposium 1979 ({P}roc. {I}nternat. {S}ympos.,
              {B}erkeley, {C}alif., 1979)},
     PAGES = {41--74},
 PUBLISHER = {Springer, New York-Berlin},
      YEAR = {1980},
}
@article {hartshorne_66,
    AUTHOR = {Hartshorne, Robin},
     TITLE = {Ample vector bundles},
   JOURNAL = {Inst. Hautes \'{E}tudes Sci. Publ. Math.},
  FJOURNAL = {Institut des Hautes \'{E}tudes Scientifiques. Publications
              Math\'{e}matiques},
    NUMBER = {29},
      YEAR = {1966},
     PAGES = {63--94},
}
@incollection {neto_86,
    AUTHOR = {Lins Neto, Alcides},
     TITLE = {Algebraic solutions of polynomial differential equations and
              foliations in dimension two},
 BOOKTITLE = {Holomorphic dynamics ({M}exico, 1986)},
    SERIES = {Lecture Notes in Math.},
    VOLUME = {1345},
     PAGES = {192--232},
 PUBLISHER = {Springer, Berlin},
      YEAR = {1988},
}
@article {brunella_97,
    AUTHOR = {Brunella, Marco},
     TITLE = {Some remarks on indices of holomorphic vector fields},
   JOURNAL = {Publ. Mat.},
  FJOURNAL = {Publicacions Matem\`atiques},
    VOLUME = {41},
      YEAR = {1997},
    NUMBER = {2},
     PAGES = {527--544},
}
@article {bost_13,
    AUTHOR = {Bost, Jean-Beno\^it},
     TITLE = {Algebraization, transcendence, and {$D$}-group schemes},
   JOURNAL = {Notre Dame J. Form. Log.},
  FJOURNAL = {Notre Dame Journal of Formal Logic},
    VOLUME = {54},
      YEAR = {2013},
    NUMBER = {3-4},
     PAGES = {377--434},
}
@article {lang_86,
    AUTHOR = {Lang, Serge},
     TITLE = {Hyperbolic and {D}iophantine analysis},
   JOURNAL = {Bull. Amer. Math. Soc. (N.S.)},
  FJOURNAL = {American Mathematical Society. Bulletin. New Series},
    VOLUME = {14},
      YEAR = {1986},
    NUMBER = {2},
     PAGES = {159--205},
}
@book {aubin_82,
    AUTHOR = {Aubin, Thierry},
     TITLE = {Nonlinear analysis on manifolds. {M}onge-{A}mp\`ere equations},
    SERIES = {Grundlehren der mathematischen Wissenschaften},
    VOLUME = {252},
 PUBLISHER = {Springer-Verlag, New York},
      YEAR = {1982},
     PAGES = {xii+204},
}
@article {yau_78,
    AUTHOR = {Yau, Shing Tung},
     TITLE = {On the {R}icci curvature of a compact {K}\"ahler manifold and
              the complex {M}onge-{A}mp\`ere equation. {I}},
   JOURNAL = {Comm. Pure Appl. Math.},
  FJOURNAL = {Communications on Pure and Applied Mathematics},
    VOLUME = {31},
      YEAR = {1978},
    NUMBER = {3},
     PAGES = {339--411},
}
@article {lubke_83,
    AUTHOR = {L\"ubke, Martin},
     TITLE = {Stability of {E}instein-{H}ermitian vector bundles},
   JOURNAL = {Manuscripta Math.},
  FJOURNAL = {Manuscripta Mathematica},
    VOLUME = {42},
      YEAR = {1983},
    NUMBER = {2-3},
     PAGES = {245--257},
}
@book {kobayashi_book,
    AUTHOR = {Kobayashi, Shoshichi},
     TITLE = {Differential geometry of complex vector bundles},
    SERIES = {Publications of the Mathematical Society of Japan},
    VOLUME = {15},
      NOTE = {Kan\^o{} Memorial Lectures, 5},
 PUBLISHER = {Princeton University Press, Princeton, NJ},
      YEAR = {1987},
     PAGES = {xii+305},
}
@article {narasimhan_65,
    AUTHOR = {Narasimhan, M. S. and Seshadri, C. S.},
     TITLE = {Stable and unitary vector bundles on a compact {R}iemann
              surface},
   JOURNAL = {Ann. of Math. (2)},
  FJOURNAL = {Annals of Mathematics. Second Series},
    VOLUME = {82},
      YEAR = {1965},
     PAGES = {540--567},
}
@article {maculan_18,
    AUTHOR = {Maculan, Marco},
     TITLE = {Tensor product and semi-stability: four variations on a theme},
   JOURNAL = {Eur. Math. Soc. Newsl.},
  FJOURNAL = {European Mathematical Society. Newsletter},
    NUMBER = {108},
      YEAR = {2018},
     PAGES = {8--15},
}
@article {fulger_22,
    AUTHOR = {Fulger, Mihai and Langer, Adrian},
     TITLE = {Positivity vs. slope semistability for bundles with vanishing
              discriminant},
   JOURNAL = {J. Algebra},
  FJOURNAL = {Journal of Algebra},
    VOLUME = {609},
      YEAR = {2022},
     PAGES = {657--687},
}
@article {maxim_24,
    AUTHOR = {Maxim, Lauren\c tiu G.},
     TITLE = {On the topology of complex projective hypersurfaces},
   JOURNAL = {Res. Math. Sci.},
  FJOURNAL = {Research in the Mathematical Sciences},
    VOLUME = {11},
      YEAR = {2024},
    NUMBER = {1},
     PAGES = {Paper No. 14, 22},
}
